@article{riscvunprovisioned,
    author={{RISC-V Foundation}},
    editor={Waterman, Andrew and Krste AsanoviÄ‡},
    journal={The RISC-V Instruction Set Manual, Volume I: User-Level ISA, Document Version 20191213},
    year={2019},
    month={Dec},
    pages={i-30},
    url={https://riscv.org/wp-content/uploads/2019/12/riscv-spec-20191213.pdf},
    urldate = {2024-03-18}}

@article{riscvhistory,
    author={{RISC-V International}},
    title={History of Risc-V},
    year={2023},
    url={https://riscv.org/about/history/},
    urldate = {2024-03-18}}

@article{cisctorisc,
    author={Thomadakis, Michael E.},
    title={The Architecture of the Nehalem Processor and Nehalem-EP SMP Platforms},
    journal={Texas A\&M University},
    year={2011},
    month={Mar},
    day={17},
    pages={24-25},
    url={https://web.archive.org/web/20140811023120/http://sc.tamu.edu/systems/eos/nehalem.pdf},
    urldate = {2024-03-18}}

@article{amdblockram,
    author={AMD},
    journal={Vivado Design Suit User Guide, UG901 (v2023.2)},
    year={2023},
    month={Nov},
    day={1},
    pages={120-160},
    url={https://docs.amd.com/viewer/book-attachment/VXDyposQ4vTSzkZQR83coQ/b6zTvHNSY07j1WdniHx~dw},
    urldate = {2024-03-18}}